<?xml version="1.0" encoding="utf-8"?>
<record xmlns="http://www.loc.gov/MARC21/slim" xmlns:xsi="http://www.w3.org/2001/XMLSchema-instance" xsi:schemaLocation="http://www.loc.gov/MARC21/slim http://www.loc.gov/standards/marcxml/schema/MARC21slim.xsd">
	<leader>     nam a22     Mi 4500</leader>
	<controlfield tag="001">b12076703</controlfield>
	<controlfield tag="003">UaCaAUL</controlfield>
	<controlfield tag="006">m        d        </controlfield>
	<controlfield tag="007">cr cn |||m|||a</controlfield>
	<controlfield tag="008">200214s1902    le      o     000 0 arard</controlfield>
	<datafield ind1=" " ind2=" " tag="040">
		<subfield code="a">ZYU</subfield>
		<subfield code="b">ara</subfield>
		<subfield code="e">rda</subfield>
		<subfield code="c">ZYU</subfield>
	</datafield>
	<datafield ind1=" " ind2="4" tag="050">
		<subfield code="a">PJ6101.I23</subfield>
		<subfield code="b">I2 1902</subfield>
	</datafield>
	<datafield ind1="1" ind2="4" tag="050">
		<subfield code="a">PJ6101.M53</subfield>
		<subfield code="b">I26x 1902</subfield>
	</datafield>
	<datafield ind1="1" ind2=" " tag="100">
		<subfield code="6">880-01</subfield>
		<subfield code="a">Ibn ʻAqīl, ʻAbd Allāh ibn ʻAbd al-Raḥmān,</subfield>
		<subfield code="d">1294?-1367.</subfield>
	</datafield>
	<datafield ind1="1" ind2="0" tag="240">
		<subfield code="6">880-02</subfield>
		<subfield code="a">Sharḥ Ibn ʻAqīl ʻalá Alfīyat Ibn Mālik</subfield>
	</datafield>
	<datafield ind1="1" ind2="0" tag="245">
		<subfield code="6">880-03</subfield>
		<subfield code="a">Kitāb Sharḥ al-ʻallāmah Ibn ʻAqīl ʻalá Alfīyat al-ʻAllāmah Ibn Mālik.</subfield>
	</datafield>
	<datafield ind1="3" ind2=" " tag="246">
		<subfield code="6">880-04</subfield>
		<subfield code="a">Sharḥ al-ʻallāmah Ibn ʻAqīl ʻalá Alfīyat al-ʻAllāmah Ibn Mālik</subfield>
	</datafield>
	<datafield ind1=" " ind2=" " tag="250">
		<subfield code="6">880-05</subfield>
		<subfield code="a">al-Ṭabʻah al-thālithah.</subfield>
	</datafield>
	<datafield ind1=" " ind2="1" tag="264">
		<subfield code="6">880-06</subfield>
		<subfield code="a">Bayrūt :</subfield>
		<subfield code="b">al-Maṭbaʻah al-Adabīyah fī Bayrūt,</subfield>
		<subfield code="c">1902.</subfield>
	</datafield>
	<datafield ind1=" " ind2=" " tag="300">
		<subfield code="a">online resource (359 pages)</subfield>
	</datafield>
	<datafield ind1=" " ind2=" " tag="336">
		<subfield code="a">text</subfield>
		<subfield code="2">rdacontent</subfield>
	</datafield>
	<datafield ind1=" " ind2=" " tag="337">
		<subfield code="a">computer</subfield>
		<subfield code="2">rdamedia</subfield>
	</datafield>
	<datafield ind1=" " ind2=" " tag="338">
		<subfield code="a">online resource</subfield>
		<subfield code="2">rdacarrier</subfield>
	</datafield>
	<datafield ind1=" " ind2=" " tag="500">
		<subfield code="6">880-07</subfield>
		<subfield code="a">Li-Alfīyat al-ḥabr Ibn Mālik bahjah ʻalá ghayrihā fāqat bi-alf dalīl, ʻalayhā sharḥ laysa yuḥaṣy ʻadīdahā wa-afḍluhā al-maʻrūf bi-Ibn ʻAqīl.</subfield>
	</datafield>
	<datafield ind1=" " ind2=" " tag="500">
		<subfield code="6">880-08</subfield>
		<subfield code="a">Bi-rukhṣat Majlis Maʻārif Wilāyat Sūriyā al-jalīlah.</subfield>
	</datafield>
	<datafield ind1=" " ind2=" " tag="500">
		<subfield code="a">Decorated title page.</subfield>
	</datafield>
	<datafield ind1=" " ind2=" " tag="500">
		<subfield code="a">Part of the Arabic Collections Online (ACO) project, contributed by American University in Cairo Library.</subfield>
	</datafield>
	<datafield ind1=" " ind2=" " tag="533">
		<subfield code="a">Electronic reproduction.</subfield>
		<subfield code="b">New York, N.Y. :</subfield>
		<subfield code="c">New York University,</subfield>
		<subfield code="d">2020.</subfield>
		<subfield code="5">NNU</subfield>
	</datafield>
	<datafield ind1="1" ind2="0" tag="600">
		<subfield code="6">880-09</subfield>
		<subfield code="a">Ibn Mālik, Muḥammad ibn ʻAbd Allāh,</subfield>
		<subfield code="d">-1274.</subfield>
		<subfield code="t">Alfīyah.</subfield>
	</datafield>
	<datafield ind1="0" ind2="7" tag="630">
		<subfield code="a">Alfīyah (Ibn Mālik, Muḥammad ibn ʻAbd Allāh)</subfield>
		<subfield code="2">fast</subfield>
		<subfield code="0">(OCoLC)fst01360506</subfield>
	</datafield>
	<datafield ind1=" " ind2="0" tag="650">
		<subfield code="a">Arabic language</subfield>
		<subfield code="x">Grammar</subfield>
		<subfield code="v">Early works to 1800.</subfield>
	</datafield>
	<datafield ind1=" " ind2="7" tag="650">
		<subfield code="a">Arabic language</subfield>
		<subfield code="x">Grammar.</subfield>
		<subfield code="2">fast</subfield>
		<subfield code="0">(OCoLC)fst00812341</subfield>
	</datafield>
	<datafield ind1=" " ind2="7" tag="655">
		<subfield code="a">Early works.</subfield>
		<subfield code="2">fast</subfield>
		<subfield code="0">(OCoLC)fst01411636</subfield>
	</datafield>
	<datafield ind1="1" ind2=" " tag="700">
		<subfield code="6">880-10</subfield>
		<subfield code="a">Ibn Mālik, Muḥammad ibn ʻAbd Allāh,</subfield>
		<subfield code="d">-1274.</subfield>
		<subfield code="t">Alfīyah.</subfield>
	</datafield>
	<datafield ind1="2" ind2=" " tag="710">
		<subfield code="a">American University in Cairo.</subfield>
		<subfield code="b">Library.</subfield>
	</datafield>
	<datafield ind1="0" ind2=" " tag="730">
		<subfield code="a">Arabic Collections Online.</subfield>
	</datafield>
	<datafield ind1="0" ind2="8" tag="776">
		<subfield code="i">Print version:</subfield>
		<subfield code="a">Ibn ʻAqīl, ʻAbd Allāh ibn ʻAbd al-Raḥmān, 1294?-1367.</subfield>
		<subfield code="t">Kitāb Sharḥ al-ʻallāmah Ibn ʻAqīl ʻalá Alfīyat al-ʻAllāmah Ibn Mālik</subfield>
		<subfield code="w">(UaCaAUL)b12076703</subfield>
		<subfield code="w">(OCoLC)37963368</subfield>
	</datafield>
	<datafield ind1="4" ind2="0" tag="856">
		<subfield code="u">http://hdl.handle.net/2333.1/41ns221b</subfield>
	</datafield>
	<datafield ind1="1" ind2=" " tag="880">
		<subfield code="6">100-01</subfield>
		<subfield code="a">ابن عقيل، عبدالله بن عبد الرحمن،</subfield>
		<subfield code="d">1367-1294?</subfield>
	</datafield>
	<datafield ind1="1" ind2="0" tag="880">
		<subfield code="6">240-02</subfield>
		<subfield code="a">شرح ابن عقيل على ألفية ابن مالك</subfield>
	</datafield>
	<datafield ind1="1" ind2="0" tag="880">
		<subfield code="6">245-03</subfield>
		<subfield code="a">كتاب شرح العلامة ابن عقيل على ألفية العلامة ابن مالك.</subfield>
	</datafield>
	<datafield ind1="3" ind2=" " tag="880">
		<subfield code="6">246-04</subfield>
		<subfield code="a">شرح العلامة ابن عقيل على ألفية العلامة ابن مالك</subfield>
	</datafield>
	<datafield ind1=" " ind2=" " tag="880">
		<subfield code="6">250-05</subfield>
		<subfield code="a">الطبعة الثالثة.</subfield>
	</datafield>
	<datafield ind1=" " ind2="1" tag="880">
		<subfield code="6">264-06</subfield>
		<subfield code="a">بيروت :</subfield>
		<subfield code="b">المطبعة الأدبية في بيروت،</subfield>
		<subfield code="c">1902.</subfield>
	</datafield>
	<datafield ind1=" " ind2=" " tag="880">
		<subfield code="6">500-07</subfield>
		<subfield code="a">لالفية الحبر ابن مالك بهجة على غيرها فاقت بالف دليل، عليها شرح ليس يحصي عديدها وافضلها المعروف بابن عقيل.</subfield>
	</datafield>
	<datafield ind1=" " ind2=" " tag="880">
		<subfield code="6">500-08</subfield>
		<subfield code="a">برخصة مجلس معارف ولاية سوريا الجليلة.</subfield>
	</datafield>
	<datafield ind1="1" ind2="4" tag="880">
		<subfield code="6">600-09</subfield>
		<subfield code="a">ابن مالك، محمد بن عبد الله،</subfield>
		<subfield code="d">- 1274.</subfield>
		<subfield code="t">ألفية.</subfield>
	</datafield>
	<datafield ind1="1" ind2=" " tag="880">
		<subfield code="6">700-10</subfield>
		<subfield code="a">ابن مالك، محمد بن عبد الله،</subfield>
		<subfield code="d">- 1274.</subfield>
		<subfield code="t">ألفية.</subfield>
	</datafield>
	<datafield ind1=" " ind2=" " tag="959">
		<subfield code="a">NNU</subfield>
		<subfield code="b">WEB</subfield>
		<subfield code="c">GENI</subfield>
		<subfield code="t">0</subfield>
		<subfield code="m">Electronic access</subfield>
		<subfield code="s">01</subfield>
	</datafield>
	<datafield ind1=" " ind2=" " tag="999">
		<subfield code="i">UaCaAUL_b12076703</subfield>
		<subfield code="o">(OCoLC)ocm37963368</subfield>
		<subfield code="s">auc_aco000892</subfield>
		<subfield code="s">auc_aco000892</subfield>
	</datafield>
</record>
